@book{ольденбург2018третье,
	title={Третье место: кафе, кофейни, книжные магазины, бары, салоны красоты и другие места {\guillemotleft}тусовок{\guillemotright} как фундамент сообщества},
	author={Ольденбург, Рэй},
	year={2018},
	publisher={Новое Литературное Обозрение}
}
@article{голиков2010самые,
	title={Самые популярные ирисы в России и Северной Америке},
	author={Голиков, К},
	journal={Цветоводство},
	number={3},
	pages={26--29},
	year={2010},
	publisher={Общество с ограниченной ответственностью" Редакция журнала" Цветоводство"}
}
